@article{mem-wall,
author = {Wulf, Wm. A. and McKee, Sally A.},
title = {Hitting the Memory Wall: Implications of the Obvious},
year = {1995},
issue_date = {March 1995},
publisher = {Association for Computing Machinery},
address = {New York, NY, USA},
volume = {23},
number = {1},
issn = {0163-5964},
url = {https://doi.org/10.1145/216585.216588},
doi = {10.1145/216585.216588},
journal = {SIGARCH Comput. Archit. News},
month = mar,
pages = {20–24},
numpages = {5}
}

@INPROCEEDINGS{sandbox,  author={S. H. {Pugsley} and Z. {Chishti} and C. {Wilkerson} and P. {Chuang} and R. L. {Scott} and A. {Jaleel} and S. {Lu} and K. {Chow} and R. {Balasubramonian}},  booktitle={2014 IEEE 20th International Symposium on High Performance Computer Architecture (HPCA)},   title={Sandbox Prefetching: Safe run-time evaluation of aggressive prefetchers},   year={2014},  volume={},  number={},  pages={626-637},  doi={10.1109/HPCA.2014.6835971}}

@INPROCEEDINGS{spp,  author={J. {Kim} and S. H. {Pugsley} and P. V. {Gratz} and A. L. N. {Reddy} and C. {Wilkerson} and Z. {Chishti}},  booktitle={2016 49th Annual IEEE/ACM International Symposium on Microarchitecture (MICRO)},   title={Path confidence based lookahead prefetching},   year={2016},  volume={},  number={},  pages={1-12},  doi={10.1109/MICRO.2016.7783763}}

@inproceedings{ppf,
author = {Bhatia, Eshan and Chacon, Gino and Pugsley, Seth and Teran, Elvira and Gratz, Paul V. and Jim\'{e}nez, Daniel A.},
title = {Perceptron-Based Prefetch Filtering},
year = {2019},
isbn = {9781450366694},
publisher = {Association for Computing Machinery},
address = {New York, NY, USA},
url = {https://doi.org/10.1145/3307650.3322207},
doi = {10.1145/3307650.3322207},
booktitle = {Proceedings of the 46th International Symposium on Computer Architecture},
pages = {1–13},
numpages = {13},
location = {Phoenix, Arizona},
series = {ISCA '19}
}

@misc{lowepower2020gem5,
      title={The gem5 Simulator: Version 20.0+}, 
      author={Jason Lowe-Power and Abdul Mutaal Ahmad and Ayaz Akram and Mohammad Alian and Rico Amslinger and Matteo Andreozzi and Adrià Armejach and Nils Asmussen and Brad Beckmann and Srikant Bharadwaj and Gabe Black and Gedare Bloom and Bobby R. Bruce and Daniel Rodrigues Carvalho and Jeronimo Castrillon and Lizhong Chen and Nicolas Derumigny and Stephan Diestelhorst and Wendy Elsasser and Carlos Escuin and Marjan Fariborz and Amin Farmahini-Farahani and Pouya Fotouhi and Ryan Gambord and Jayneel Gandhi and Dibakar Gope and Thomas Grass and Anthony Gutierrez and Bagus Hanindhito and Andreas Hansson and Swapnil Haria and Austin Harris and Timothy Hayes and Adrian Herrera and Matthew Horsnell and Syed Ali Raza Jafri and Radhika Jagtap and Hanhwi Jang and Reiley Jeyapaul and Timothy M. Jones and Matthias Jung and Subash Kannoth and Hamidreza Khaleghzadeh and Yuetsu Kodama and Tushar Krishna and Tommaso Marinelli and Christian Menard and Andrea Mondelli and Miquel Moreto and Tiago Mück and Omar Naji and Krishnendra Nathella and Hoa Nguyen and Nikos Nikoleris and Lena E. Olson and Marc Orr and Binh Pham and Pablo Prieto and Trivikram Reddy and Alec Roelke and Mahyar Samani and Andreas Sandberg and Javier Setoain and Boris Shingarov and Matthew D. Sinclair and Tuan Ta and Rahul Thakur and Giacomo Travaglini and Michael Upton and Nilay Vaish and Ilias Vougioukas and William Wang and Zhengrong Wang and Norbert Wehn and Christian Weis and David A. Wood and Hongil Yoon and Éder F. Zulian},
      year={2020},
      eprint={2007.03152},
      archivePrefix={arXiv},
      primaryClass={cs.AR}
}